<record><leader>00000cas a2200000 a 4500</leader><controlfield tag="001">40386952</controlfield><controlfield tag="008">981123d19711971cauwr ne      0    0eng c</controlfield><datafield ind1=" " ind2=" " tag="010"><subfield code="a">sn 98061389 </subfield></datafield><datafield ind1=" " ind2=" " tag="040"><subfield code="a">CNK</subfield><subfield code="b">eng</subfield><subfield code="c">CNK</subfield><subfield code="d">OCLCQ</subfield><subfield code="d">CNK</subfield><subfield code="d">OCLCQ</subfield><subfield code="d">OCLCF</subfield><subfield code="d">OCLCO</subfield></datafield><datafield ind1="1" ind2=" " tag="029"><subfield code="a">AU@</subfield><subfield code="b">000014355887</subfield></datafield><datafield ind1=" " ind2=" " tag="042"><subfield code="a">pcc</subfield></datafield><datafield ind1=" " ind2=" " tag="043"><subfield code="a">n-us-ca</subfield></datafield><datafield ind1="0" ind2="0" tag="245"><subfield code="a">Breeze advertiser and Manhattan messenger.</subfield></datafield><datafield ind1="1" ind2="3" tag="246"><subfield code="a">Redondo reflex and the Manhattan Beach messenger</subfield></datafield><datafield ind1=" " ind2=" " tag="260"><subfield code="a">Torrance, Calif. :</subfield><subfield code="b">Daily Breeze Pub. Co.</subfield></datafield><datafield ind1=" " ind2=" " tag="300"><subfield code="a">v.</subfield></datafield><datafield ind1=" " ind2=" " tag="310"><subfield code="a">Weekly</subfield></datafield><datafield ind1="0" ind2=" " tag="362"><subfield code="a">Vol. 35, no. 10 (Jan. 20, 1971)-v. 35, no. 20 (Mar. 31, 1971).</subfield></datafield><datafield ind1=" " ind2=" " tag="500"><subfield code="a">"Breeze" appears in small print above "Advertiser"; "and Manhattan Messenger" appears in small print below "Advertiser."</subfield></datafield><datafield ind1=" " ind2=" " tag="500"><subfield code="a">"Manhattan Beach-Hermosa Beach-Lawndale."</subfield></datafield><datafield ind1=" " ind2=" " tag="530"><subfield code="a">Master negatives are available for duplication from:</subfield><subfield code="b">California Newspaper Microfilm Archive;</subfield><subfield code="c">positive copies may be purchased by the reel; for further information consult the CNMA at:</subfield><subfield code="u">http://cbsr.ucr.edu</subfield></datafield><datafield ind1=" " ind2="0" tag="651"><subfield code="a">Manhattan Beach (Calif.)</subfield><subfield code="v">Newspapers.</subfield></datafield><datafield ind1=" " ind2="0" tag="651"><subfield code="a">Hermosa Beach (Calif.)</subfield><subfield code="v">Newspapers.</subfield></datafield><datafield ind1=" " ind2="0" tag="651"><subfield code="a">Redondo Beach (Calif.)</subfield><subfield code="v">Newspapers.</subfield></datafield><datafield ind1=" " ind2="0" tag="651"><subfield code="a">Lawndale (Calif.)</subfield><subfield code="v">Newspapers.</subfield></datafield><datafield ind1=" " ind2="7" tag="655"><subfield code="a">Newspapers.</subfield><subfield code="2">fast</subfield><subfield code="0">(OCoLC)fst01423814</subfield></datafield><datafield ind1=" " ind2="7" tag="651"><subfield code="a">California</subfield><subfield code="z">Hermosa Beach.</subfield><subfield code="2">fast</subfield><subfield code="0">(OCoLC)fst01250343</subfield></datafield><datafield ind1=" " ind2="7" tag="651"><subfield code="a">California</subfield><subfield code="z">Lawndale.</subfield><subfield code="2">fast</subfield><subfield code="0">(OCoLC)fst01219060</subfield></datafield><datafield ind1=" " ind2="7" tag="651"><subfield code="a">California</subfield><subfield code="z">Manhattan Beach.</subfield><subfield code="2">fast</subfield><subfield code="0">(OCoLC)fst01214289</subfield></datafield><datafield ind1=" " ind2="7" tag="651"><subfield code="a">California</subfield><subfield code="z">Redondo Beach.</subfield><subfield code="2">fast</subfield><subfield code="0">(OCoLC)fst01220411</subfield></datafield><datafield ind1=" " ind2=" " tag="752"><subfield code="a">United States</subfield><subfield code="b">California</subfield><subfield code="c">Los Angeles</subfield><subfield code="d">Torrance.</subfield></datafield><datafield ind1="0" ind2="0" tag="780"><subfield code="t">Manhattan Beach messenger</subfield><subfield code="w">(DLC)sn 98061388</subfield></datafield><datafield ind1="0" ind2="0" tag="785"><subfield code="t">Messenger and breeze advertiser</subfield><subfield code="w">(DLC)sn 98061390</subfield></datafield></record>